@INPROCEEDINGS{WebRTC,
  author={Edan, Naktal Moaid and Al-Sherbaz, Ali and Turner, Scott},
  booktitle={2017 Global Information Infrastructure and Networking Symposium (GIIS)}, 
  title={Design and evaluation of browser-to-browser video conferencing in WebRTC}, 
  year={2017},
  volume={},
  number={},
  pages={75-78},
  doi={10.1109/GIIS.2017.8169813}
}
