%%%%%%%%%%%%%%%%%%%%%%%%%%%%%%%%%%%%%%%
%%%%%%%%% General References %%%%%%%%%%
%%%%%%%%%%%%%%%%%%%%%%%%%%%%%%%%%%%%%%%

@article{GeneralManInTheMiddle,
    author = {Malliak, A.},
    title = {Man-In-The-Middle-Attack: Understanding In Simple Words},
    journal = {Cyberspace: Jurnal Pendidikan Teknologi Informasi},
    volume = {2},
    pages = {109-134},
    month = {10},
    year = {2018},
    publisher = {Center for Research und Community Service},
    doi = {http://dx.doi.org/10.22373/cj.v2i2.3453}
}

%%%%%%%%%%%%%%%%%%%%%%%%%%%%%%%%%%%%%%%
%%%%%%%%% Thread References %%%%%%%%%%%
%%%%%%%%%%%%%%%%%%%%%%%%%%%%%%%%%%%%%%%

@misc{ThreadSpec:online,
    author = {ThreadGroup},
    title = {Thread 1.1 Specification},
    howpublished = {\url{https://www.threadgroup.org/ThreadSpec}},
    month = {},
    year = {},
    note = {(Accessed on 10/28/2021)}
}

@misc{ThreadSecurityEmbeddedCom:online,
    author = {Elshimi, A.},
    title = {Thread protocol simplifies IoT security - Embedded.com},
    howpublished = {\url{https://www.embedded.com/thread-protocol-simplifies-iot-security/}},
    month = {12},
    year = {2020},
    note = {(Accessed on 10/17/2021)}
}

@misc{ThreadSecurityCSIAC:online,
    author = {Strayeri, K.W.},
    title = {Can the “Gorilla” Deliver? Assessing the Security of Google’s New “Thread” Internet of Things (IoT) Protocol - CSIAC},
    howpublished = {\url{https://csiac.org/articles/security-of-googles-iot-protocol/}},
    month = {04},
    year = {2020},
    note = {(Accessed on 10/17/2021)}
}

@misc{ThreadDefinitionOpenThread:online,
    author = {Google Inc.},
    title = {What is Thread? | OpenThread},
    howpublished = {\url{https://openthread.io/guides/thread-primer}},
    month = {10},
    year = {2021},
    note = {(Accessed on 10/17/2021)}
}

@misc{ThreadGlossaryThreadGroup:online,
    author = {Kennis, J.},
    title = {Thread, Matter, und CHIP – This Glossary Will Quickly Bring You Up To Speed > Thread Group},
    howpublished = {\url{https://www.threadgroup.org/news-events/blog/ID/287/Thread-Matter-And-CHIP--This-Glossary-Will-Quickly-Bring-You-Up-To-Speed}},
    month = {05},
    year = {2021},
    note = {(Accessed on 10/17/2021)}
}

% https://ieeexplore-ieee-org.ezproxy.th-brandenburg.de/document/8947720
@incollection{ThreadApplicationIEEE,
    author = {Vangimalla, S. R. and El-Sharkawy, M.},
    title = {Remote Wireless Sensor Network Range Extension Using UAVs with Thread Protocol},
    booktitle = {2018 International Conference on Computational Science und Computational Intelligence (CSCI)},
    journal = {2018 International Conference on Computational Science und Computational Intelligence (CSCI)},
    pages = {902--906},
    year = {2018},
    month = {12},
    publisher = {IEEE},
    doi = {10.1109/CSCI46756.2018.00178}
}

@misc{ThreadFundamentalsSilabs:online,
    author = {Silicon Laboratories, Inc.},
    title = {UG103.11: Thread Fundamentals},
    howpublished = {\url{https://www.silabs.com/documents/public/user-guides/ug103-11-fundamentals-thread.pdf}},
    month = {},
    year = {},
    note = {(Accessed on 10/17/2021)}
}

% https://ieeexplore-ieee-org.ezproxy.th-brandenburg.de/document/8586865/
@article{ThreadLatencyAnalysisIEEE,
    author = {Lan, D. and Pang, Z. and Fischione, C. and Liu, Y. and Taherkordi, A. and Eliassen, F.},
    title = {Latency Analysis of Wireless Networks for Proximity Services in Smart Home und Building Automation: The Case of Thread},
    journal = {IEEE Access},
    volume = {7},
    pages = {4856--4867},
    year = {2018},
    month = {12},
    issn = {2169-3536},
    publisher = {IEEE},
    doi = {10.1109/ACCESS.2018.2888939}
}

@book{ThreadApplicationSmartBuildingsIEEE,
    author = {Lan, D.},
    title = {Experimental Study of Thread Mesh Network for Wireless Building Automation Systems},
    journal = {DIVA},
    year = {2016},
    publisher = {DIVA},
    url = {http://www.diva-portal.org/smash/record.jsf?pid=diva2%3A1040491&dswid=-8223}
}

@misc{ThreadNetworkTopologyThreadGroup,
    author = {Kennis, J. and Bruins, J.},
    title = {Thread in Commercial Network Topology Explained},
    year = {2021},
    month = {10},
    note = {[Online; accessed 22. Oct. 2021]},
    url = {https://www.threadgroup.org/news-events/blog/ID/185/Thread-in-Commercial-Network-Topology-Explained#.YXMFKSWxW0p}
}

% https://ieeexplore-ieee-org.ezproxy.th-brandenburg.de/document/8592759
@incollection{ThreadInteroperabilityIEEE,
    author = {Vangimalla, S. R. and El-Sharkawy, M.},
    title = {Interoperability Enhancement in Health Care at Remote Locations using Thread Protocol in UAVs},
    booktitle = {{IECON 2018 - 44th Annual Conference of the IEEE Industrial Electronics Society}},
    journal = {IECON 2018 - 44th Annual Conference of the IEEE Industrial Electronics Society},
    pages = {2821--2826},
    year = {2018},
    month = {10},
    issn = {2577-1647},
    publisher = {IEEE},
    doi = {10.1109/IECON.2018.8592759}
}

@inproceedings{ThreadImplementationEvaluation,
    author = {Miethe, S. and Krug, S.},
    title = {Evaluation of Interoperability Between Various Implementations of the Thread Protocol Stack},
    booktitle = {INFORMATIK 2020},
    year = {2021},
    editor = {Reussner, R. H. and Koziolek, A. and Heinrich, R.} ,
    pages = { 1185-1194 } ,
    doi = { 10.18420/inf2020_110 },
    publisher = {Gesellschaft für Informatik, Bonn},
    address = {}
}

%%%%%%%%%%%%%%%%%%%%%%%%%%%%%%%%%%%%%%%
%%% Bluetooth Low Energy References %%%
%%%%%%%%%%%%%%%%%%%%%%%%%%%%%%%%%%%%%%%

@misc{BluetoothSpec:online,
    author = {BSIG},
    title = {Bluetooth Kernspezifikation Version 5.2 Funktionsübersicht},
    howpublished = {\url{https://www.bluetooth.com/de/bluetooth-resources/bluetooth-core-specification-version-5-2-feature-overview/}},
    month = {},
    year = {},
    note = {(Accessed on 10/28/2021)}
}



% [FINISHED] already worked through this one, see Miro Board
% https://ieeexplore-ieee-org.ezproxy.th-brandenburg.de/document/9152758
@inproceedings{BIASBlue94:online,
author = {Antonioli, D. and Tippenhauer, N.O. and Rasmussen, K.},
title = {BIAS: Bluetooth Impersonation AttackS | IEEE Conference Publication | IEEE Xplore},
booktitle = {2020 IEEE Symposium on Security and Privacy (SP)},
year = {2020},
doi ={10.1109/SP40000.2020.00093},
publisher = {IEEE},
}


% https://www.cs.ox.ac.uk/publications/publication14289-abstract.html
@article{BluetoothLowEnergyAttackOxford,
    title = {Key Negotiation Downgrade Attacks on Bluetooth und Bluetooth Low Energy},
    author = {Antonioli, D. and Tippenhauer, N.O. and Rasmussen, K.},
    year = {2020},
    address = {New York, NY, USA},
    issn = {2471-2566},
    journal = {ACM Trans. Priv. Secur.},
    keywords = {bluetooth, downgrade attack, key negotiation, BLE, KNOB attack, Security},
    month = {06},
    number = {3},
    publisher = {Association for Computing Machinery},
    volume = {23},
    doi = {10.1145/3394497},
}

% https://ieeexplore-ieee-org.ezproxy.th-brandenburg.de/document/8728448
@inproceedings{BluetoothPracticalAttacksICACCS,
    author={Pallavi, S. and Narayanan, V.A.},
    booktitle={2019 5th International Conference on Advanced Computing   Communication Systems (ICACCS)}, 
    title={An Overview of Practical Attacks on BLE Based IOT Devices und Their Security}, 
    year={2019},
    volume={},
    number={},
    pages={694-698},
    doi={10.1109/ICACCS.2019.8728448}
}

% https://www.usenix.org/system/files/conference/woot13/woot13-ryan.pdf
@inproceedings {BluetoothLowEnergyLowSecurity,
    author = {Ryan, M.},
    title = {Bluetooth: With Low Energy Comes Low Security},
    booktitle = {7th {USENIX} Workshop on Offensive Technologies ({WOOT} 13)},
    year = {2013},
    address = {Washington, D.C.},
    url = {https://www.usenix.org/conference/woot13/workshop-program/presentation/ryan},
    publisher = {{USENIX} Association}
}

@inproceedings{BluetoothLowEnergyAttacks,
    author = {Ritesh, K.V. and Manolova, A. and Nenova, M.},
    booktitle = {2017 IEEE International Conference on Microwaves, Antennas, Communications und Electronic Systems (COMCAS)}, 
    title = {Abridgment of bluetooth low energy (BLE) standard und its numerous susceptibilities for Internet of Things und its applications}, 
    year = {2017},
    volume = {},
    number = {},
    pages = {1-5},
    doi = {10.1109/COMCAS.2017.8244814}
}

% https://link.springer.com/content/pdf/10.1007/s12652-019-01502-z.pdf
@article{BluetoothLowEnergyInjectionFreeAttack,
    author = {Santos, A.C.T. and Filho, J.S. and Silva, A.I.S. and Nigami, V. and Fonseca, I.E.},
    title = {BLE injection-free attack: a novel attack on bluetooth low energy devices},
    journal = {Journal of Ambient Intelligence und Humanized Computing},
    year = {2019},
    month = {09},
    publisher = {Springer Nature},
    doi = {https://doi.org/10.1007/s12652-019-01502-z}
}

% https://ieeexplore-ieee-org.ezproxy.th-brandenburg.de/document/6179149
@inproceedings{Bluetooth4ThreatsIEEE,
    author = {Sandhya, S. and Devi, K.A.S.},
    booktitle = {2012 International Conference on Computing, Communication und Applications}, 
    title = {Analysis of Bluetooth threats und v4.0 security features}, 
    year = {2012},
    volume = {},
    number = {},
    pages = {1-4},
    doi = {10.1109/ICCCA.2012.6179149}
}

@misc{BluetoothMeshIntroBLTW:online,
    author = {Woolley, M.},
    title = {{Bluetooth Mesh Networking - An Introduction for Developers}},
    journal = {Bluetooth Technology Website},
    year = {2020},
    month = {12},
    note = {[Online; accessed 17. Oct. 2021]},
    url = {https://www.bluetooth.com/bluetooth-resources/bluetooth-mesh-networking-an-introduction-for-developers}
}

@misc{BluetoothLowEnergyOverviewHomeAndSmart:online,
    author = {Klein, U.},
    title = {Bluetooth LE Smart Home Funkstandard – Wissen, Geräte, Bedeutung},
    howpublished = {\url{https://www.homeandsmart.de/bluetooth-low-energy-smart-home}},
    month = {01},
    year = {2021},
    note = {(Accessed on 10/17/2021)}
}

%%%%%%%%%%%%%%%%%%%%%%%%%%%%%%%%%%%%%%%
%%%%%%% Comparison References %%%%%%%%%
%%%%%%%%%%%%%%%%%%%%%%%%%%%%%%%%%%%%%%%

% https://ieeexplore-ieee-org.ezproxy.th-brandenburg.de/document/8972835
@inproceedings{ThreadMeshVsOtherWirelessIEEE,
    author={Rzepecki, W. and Ryba, P.},
    booktitle={2019 7th International Conference on Future Internet of Things und Cloud (FiCloud)}, 
    title={IoTSP: Thread Mesh vs Other Widely used Wireless Protocols – Comparison and use Cases Study}, 
    year={2019},
    volume={},
    number={},
    pages={291-295},
    doi={10.1109/FiCloud.2019.00048}
}

% https://ieeexplore-ieee-org.ezproxy.th-brandenburg.de/document/9396680/
@inproceedings{ComparativeAnalysisIEEE,
    author = {Dvoynikov, V.M. and Smirnov, V.A. and Burilov, D.A.},
    booktitle = {2021 IEEE Conference of Russian Young Researchers in Electrical und Electronic Engineering (ElConRus)}, 
    title = {Comparative Analysis of Mesh and Thread Networks and their Application Possibility in the ``Smart Home' Systems}, 
    year = {2021},
    volume = {},
    number = {},
    pages = {8-11},
    doi = {10.1109/ElConRus51938.2021.9396680}
}

@misc{BluetoothMeshVsThreadSilabs:online,
    author = {Silicon Laboratories, Inc.},
    title = {Bluetooth Mesh, Thread, und Zigbee Network Performance Benchmarking - Silicon Labs},
    howpublished = {\url{https://www.silabs.com/wireless/multiprotocol/mesh-performance}},
    note = {(Accessed on 10/17/2021)}
}

@incollection{WirelessSensorNetworksSurveyIEEE,
    author = {Mainetti, L. and Patrono, L. and Vilei, A.},
    title = {{Evolution of wireless sensor networks towards the Internet of Things: A survey}},
    booktitle = {{SoftCOM 2011, 19th International Conference on Software, Telecommunications und Computer Networks}},
    journal = {SoftCOM 2011, 19th International Conference on Software, Telecommunications und Computer Networks},
    pages = {1--6},
    year = {2011},
    month = {09},
    publisher = {IEEE},
    url = {https://ieeexplore.ieee.org/document/6064380}
}

% https://ieeexplore-ieee-org.ezproxy.th-brandenburg.de/document/9183440
@inproceedings{DesignConsiderationsLowPowerIEEE,
    author = {Ayers, H. and Crews, P. and Teo, H. and McAvity, C. and Levy, A. and Levis, P.},
    booktitle={ 2 020 16th International Conference on Distributed Computing in Sensor Systems (DCOSS)}, 
    title = {Design Considerations for Low Power Internet Protocols}, 
    year = {2020},
    volume = {},
    number = {},
    pages = {103-111},
    doi = {10.1109/DCOSS49796.2020.00027}
}

@misc{ProtocolComparisonElektronikNet:online,
    author = {Pannell, T.},
    title = {Funktechniken für Netzwerke: Zigbee, Thread und Bluetooth Mesh im Vergleich – Kommunikation/Wireless – Elektroniknet},
    howpublished = {\url{https://www.elektroniknet.de/kommunikation/wireless/zigbee-thread-und-bluetooth-mesh-im-vergleich.157566.2.html}},
    month = {09},
    year = {2018},
    note = {(Accessed on 10/17/2021)}
}

@misc{ThreadVsBluetoothEnterpriseIotInsights:online,
    author = {Gregersen, C.R.},
    title = {Thread vs Bluetooth: The IoT battle of low-power protocols (Reader Forum)},
    howpublished = {\url{https://enterpriseiotinsights.com/20210924/channels/reader-forum/thread-vs-bluetooth-the-iot-battle-of-low-power-protocols-reader-forum}},
    month = {09},
    year = {2021},
    note = {(Accessed on 10/17/2021)}
}

@misc{ProtocolComparisonVolansysCom:online,
    author = {Prajapati, D.},
    title = {Zigbee, Z-Wave, BLE 5.0 und Thread Protocol und their applications},
    howpublished = {\url{https://volansys.com/selecting-right-low-power-short-range-protocols-for-your-iot-solutions/}},
    month = {},
    year = {},
    note = {(Accessed on 10/17/2021)}
}
