% WIP REFERENCES

@misc{AutorenderWikimedia-Projekte2005Oct,
	author = {{Autoren der Wikimedia-Projekte}},
	title = {{Real Time Messaging Protocol {\textendash} Wikipedia}},
	year = {2005},
	month = {Oktober},
	note = {[Abgerufen am 5. Dezember 2021]},
	url = {https://de.wikipedia.org/w/index.php?title=Real_Time_Messaging_Protocol&oldid=210122188}
}

% Implementierung

% https://ieeexplore-ieee-org.ezproxy.th-brandenburg.de/document/8169813

@inproceedings{WebRTC,
	author={Edan, Naktal Moaid and Al-Sherbaz, Ali and Turner, Scott},
	booktitle={{2017 Global Information Infrastructure and Networking Symposium (GIIS)}}, 
	title={{Design and evaluation of browser-to-browser video conferencing in WebRTC}}, 
	year={2017},
	volume={},
	number={},
	pages={75-78},
	doi={10.1109/GIIS.2017.8169813}
}

% Protokolle

% https://developer.mozilla.org/en-US/docs/Web/API/WebRTC_API/Signaling_and_video_calling

@article{StreamingProtokolle,
	author = {Bychok, Alexander},
	title = {{Streaming Protocol Comparison: RTMP, WebRTC, FTL, SRT {\textendash} Restream Blog}},
	journal = {Ultimate Live Streaming Hub {\textendash} Restream Blog},
	year = {2021},
	month = {August},
	publisher = {Ultimate Live Streaming Hub {\textendash} Restream Blog},
	note = {[Abgerufen am 5. Dezember 2021]},
	url = {https://restream.io/blog/streaming-protocols}
}

@misc{WebRTCStandardW3C,
	title = {{WebRTC 1.0: Real-Time Communication Between Browsers}},
	year = {2021},
	month = {Januar},
	note = {[Abgerufen am 5. Dezember 2021]},
	url = {https://www.w3.org/TR/webrtc}
}

@misc{RFC1889,
	series = {Request for Comments},
	number = 1889,
	howpublished = {RFC 1889},
	publisher =	{RFC Editor},
	doi = {10.17487/RFC1889},
	url = {https://rfc-editor.org/rfc/rfc1889.txt},
	author = {Ron Frederick and Stephen L. Casner and Van Jacobson and Henning Schulzrinne},
	title = {{RTP: A Transport Protocol for Real-Time Applications}},
	pagetotal =	75,
	year = {1996},
	month = {Januar}
}

@misc{RFC3261,
	series = {Request for Comments},
	number = 3261,
	howpublished = {RFC 3261},
	publisher =	{RFC Editor},
	doi = {10.17487/RFC3261},
	url = {https://rfc-editor.org/rfc/rfc3261.txt},
	author = {Eve Schooler and Jonathan Rosenberg and Henning Schulzrinne and Alan Johnston and Gonzalo Camarillo and Jon Peterson and Robert Sparks and Mark J. Handley},
	title = {{SIP: Session Initiation Protocol}},
	pagetotal =	269,
	year = {2002},
	month = {Juli},
}

@misc{RFC3550,
	series = {Request for Comments},
	number = 3550,
	howpublished = {RFC 3550},
	publisher = {RFC Editor},
	doi = {10.17487/RFC3550},
	url = {https://rfc-editor.org/rfc/rfc3550.txt},
	author = {Henning Schulzrinne and Stephen L. Casner and Ron Frederick and Van Jacobson},
	title = {{RTP: A Transport Protocol for Real-Time Applications}},
	pagetotal = 104,
	year = {2003},
	month = {jul}
}

@misc{RFC3711,
	series = {Request for Comments},
	number = 3711,
	howpublished = {RFC 3711},
	publisher = {RFC Editor},
	doi = {10.17487/RFC3711},
	url = {https://rfc-editor.org/rfc/rfc3711.txt},
	author = {Karl Norrman and David McGrew and Mats Naslund and Elisabetta Carrara and Mark Baugher},
	title = {{The Secure Real-time Transport Protocol (SRTP)}},
	pagetotal = 56,
	year = {2004},
	month = {März}
}

@misc{RFC8825,
	series = {Request for Comments},
	number = 8825,
	howpublished = {RFC 8825},
	publisher =	{RFC Editor},
	doi = {10.17487/RFC8825},
	url = {https://rfc-editor.org/rfc/rfc8825.txt},
	author = {Harald T. Alvestrand},
	title = {{Overview: Real-Time Protocols for Browser-Based Applications}},
	pagetotal = 17,
	year = {2021},
	month = {Januar}
}

@misc{RFC8834,
	series = {Request for Comments},
	number = 8834,
	howpublished = {RFC 8834},
	publisher = {RFC Editor},
	doi = {10.17487/RFC8834},
	url = {https://rfc-editor.org/rfc/rfc8834.txt},
	author = {Colin Perkins and Magnus Westerlund and Joerg Ott},
	title = {{Media Transport and Use of RTP in WebRTC}},
	pagetotal = 39,
	year = {2021},
	month = {Januar},
}

@misc{MDNSignaling,
	title = {{Signaling and video calling - Web APIs {$\vert$} MDN}},
	publisher = {MDN},
	year = {2021},
	month = {Dezember},
	note = {[Abgerufen am 5. Dezember 2021]},
	url = {https://developer.mozilla.org/en-US/docs/Web/API/WebRTC_API/Signaling_and_video_calling}
}

% Allgemeine Quellen

@inproceedings{CoronaHomeOffice,
	author = {Blom, Annelies G. and Möhring, Katja and Naumann, Elias and Reifenscheid, Maximiliane and Weiland, Andreas and Wenz, Alexander and Rettig, Tobias and Lehrer, Roni and Krieger, Ulrich and Juhl, Sebastian and Friedel, Sabine and Marina, Fikel and Cornesse, Carina},
	booktitle = {{Die Mannheimer Corona-Studie}},
	title = {{Schwerpunktbericht zur Nutzung und Akzeptanz von Homeoffice in Deutschland während des Corona-Lockdowns}},
	year = {2020},
	month = {Juni},
	publisher = {Universität Mannheim},
	note = {[Abgerufen am 5. Dezember 2021]},
	url = {https://www.uni-mannheim.de/gip/corona-studie/#c215325},
}

@misc{NetzwerkStatistik,
	title = {{COVID-19 Network Update}},
	year = {2020},
	month = {Dezember},
	note = {[Abgerufen am 5. Dezember 2021]},
	url = {https://corporate.comcast.com/covid-19/network/may-20-2020}
}

% Architecture

@inproceedings{PeerToPeerVersusCentralized,
	author={Deguo, Yang and Lianqiang, Niu and Xincun, Wang},
	booktitle={{2009 Ninth International Conference on Hybrid Intelligent Systems}}, 
	title={{A P2P-SIP Architecture for Real Time Stream Media Communication}}, 
	year={2009},
	volume={3},
	number={},
	pages={24-28},
	doi={10.1109/HIS.2009.218}
}

@article{VideokonferenzNetzwerklast,
	author = {Hitzig, Andreas},
	title = {{Genug Datenvolumen für alles}},
	journal = {PC-WELT},
	year = {2021},
	month = {Juni},
	publisher = {IDG Tech Media GmbH},
	note = {[Abgerufen am 5. Dezember 2021]},
	url = {https://www.pcwelt.de/a/wie-viel-datenvolumen-brauche-ich,3448702}
}
