@inproceedings{ThreadMeshVsOtherWirelessIEEE,
  author={Rzepecki, Wojciech and Ryba, Piotr},
  booktitle={2019 7th International Conference on Future Internet of Things and Cloud (FiCloud)}, 
  title={IoTSP: Thread Mesh vs Other Widely used Wireless Protocols – Comparison and use Cases Study}, 
  year={2019},
  volume={},
  number={},
  pages={291-295},
  doi={10.1109/FiCloud.2019.00048}
}

@misc{ThePromiseOfThread,
  author={Dyck, Nathan},
  title={A Shared Mesh: The Promise of Thread},
  year={2021},
  month={3},
  url={https://www.threadgroup.org/news-events/blog/ID/268/A-Shared-Mesh-The-Promise-of-Thread},
  note={Abgerufen am 07.01.22},
}

@misc{Matter,
  author={{Connectivity Standards Alliance}},
  shortauthor={CSA},
  title={Matter},
  year={2022},
  month={1},
  url={https://buildwithmatter.com/},
  note={Abgerufen am 07.01.22},
}

% fix authors
@incollection{ThreadApplicationIEEE,
  author={Vangimalla, S. R. and El-Sharkawy, M.},
  title={Remote Wireless Sensor Network Range Extension Using UAVs with Thread Protocol},
  booktitle={2018 International Conference on Computational Science and Computational Intelligence (CSCI)},
  journal={2018 International Conference on Computational Science and Computational Intelligence (CSCI)},
  pages={902--906},
  year={2018},
  month={12},
  publisher={IEEE},
  doi={10.1109/CSCI46756.2018.00178}
}

@misc{BluetoothMeshIntro,
  author={Martin Woolley},
  title={{Bluetooth Mesh Networking - An Introduction for Developers}},
  journal={Bluetooth Technology Website},
  year={2020},
  month={12},
  url={https://www.bluetooth.com/wp-content/uploads/2019/03/Mesh-Technology-Overview.pdf},
  note={Abgerufen am 07.01.22},
}

@misc{BluetoothSpec,
  author={{Bluetooth Special Interest Group}},
  shortauthor={SIG},
  title={Bluetooth Core Specification},
  url={https://www.bluetooth.com/de/specifications/specs/core-specification/},
  year={2020},
  month={12},
  note={Abgerufen am 07.01.22},
}

@misc{ThreadSpec,
  author={{Thread Group}},
  title={Thread 1.1 Specification},
  url={https://www.threadgroup.org/ThreadSpec},
  year={2017},
  note={Abgerufen am 07.01.22},
}

% fix authors
@article{BluetoothLowEnergyAttackOxford,
  title={Key Negotiation Downgrade Attacks on Bluetooth and Bluetooth Low Energy},
  author={Antonioli, D. and Tippenhauer, N.O. and Rasmussen, K.},
  year={2020},
  address= {New York, NY, USA},
  issn={2471-2566},
  journal={ACM Trans. Priv. Secur.},
  keywords={bluetooth, downgrade attack, key negotiation, BLE, KNOB attack, Security},
  month={06},
  number={3},
  publisher={Association for Computing Machinery},
  volume={23},
  doi={10.1145/3394497},
}

@misc{BluetoothIssues,
  title={Bluetooth Sicherheitshinweise},
  author={{Bluetooth Special Interest Group}},
  shortauthor={SIG},
  year={2022},
  url={https://www.bluetooth.com/de/learn-about-bluetooth/key-attributes/bluetooth-security/reporting-security/},
  note={Abgerufen am 07.01.22},
}

% fix authors
@inproceedings{ComparativeAnalysisIEEE,
  author={Dvoynikov, V.M. and Smirnov, V.A. and Burilov, D.A.},
  booktitle={2021 IEEE Conference of Russian Young Researchers in Electrical and Electronic Engineering (ElConRus)}, 
  title={Comparative Analysis of Mesh and Thread Networks and their Application Possibility in the ``Smart Home' Systems}, 
  year={2021},
  volume={},
  number={},
  pages={8-11},
  doi={10.1109/ElConRus51938.2021.9396680}
}

% fix authors
@misc{ThreadSecurityCSIAC,
  author={Strayeri, K.W.},
  title={Can the “Gorilla” Deliver? Assessing the Security of Google’s New “Thread” Internet of Things (IoT) Protocol - CSIAC},
  url={https://csiac.org/articles/security-of-googles-iot-protocol/},
  month={04},
  year={2020},
  note={Abgerufen am 07.01.22},
}

% fix authors
@misc{ThreadSecurityEmbeddedCom,
  author={Elshimi, A.},
  title={Thread protocol simplifies IoT security - Embedded.com},
  url={https://www.embedded.com/thread-protocol-simplifies-iot-security/},
  month={12},
  year={2020},
  note={Abgerufen am 07.01.22},
}

@article{ThreadEMAttack,
  author={Dinu, Daniel and Kizhvatov, Ilya},
  journal={IACR Transactions on Cryptographic Hardware and Embedded Systems},
  number={1},
  pages={73–97},
  title={EM Analysis in the IoT Context: Lessons Learned from an Attack on Thread},
  url={https://tches.iacr.org/index.php/TCHES/article/view/833},
  volume={2018},
  year={2018},
  month={02},
  doi={10.13154/tches.v2018.i1.73-97},
}
