@misc{ionosfido,
    title={Fido2: Der Neue Standard für den sicheren web-log-in},
    url={https://www.ionos.de/digitalguide/server/sicherheit/was-ist-fido2/},
	note = {[Abgerufen am 05. Juni 2022]},
    journal={IONOS Digitalguide},
    publisher={IONOS},
    year={2020},
    month={Jul}
} 

@misc{ionosctap,
    title={CTAP: Protokoll für Mehr Sicherheit \& Komfort im web},
    url={https://www.ionos.de/digitalguide/server/sicherheit/client-to-authenticator-protocol-ctap/},
	note = {[Abgerufen am 05. Juni 2022]},
    journal={IONOS Digitalguide},
    publisher={IONOS},
    year={2021},
    month={Sep}
} 

@misc{ctapspec,
    title={Client to authenticator protocol (CTAP)},
    url={https://fidoalliance.org/specs/fido-v2.0-id-20180227/fido-client-to-authenticator-protocol-v2.0-id-20180227.html#CTAP2ProtocolOverview},
	note = {[Abgerufen am 05. Juni 2022]},
    journal={FIDO Alliance},
    year={2018},
    month={Feb}
} 

@misc{webauthnspec,
    title={Web Authentication: an API for accessing public key credentials},
    url={https://w3c.github.io/webauthn/},
	note = {[Abgerufen am 05. Juni 2022]},
    journal={W3C},
    year={2022},
    month={Jun}
} 

@misc{fidomembers,
    title={Fido Alliance Member Companies \& Organizations},
    url={https://fidoalliance.org/members/},
	note = {[Abgerufen am 05. Juni 2022]},
    journal={FIDO Alliance},
    year={2022},
    month={Apr}
}

@misc{cborspec,
	series={Request for Comments},
	number=7049,
	howpublished={RFC 7049},
	publisher={RFC Editor},
	doi={10.17487/RFC7049},
	url={https://www.rfc-editor.org/info/rfc7049},
    author={Carsten Bormann and Paul E. Hoffman},
	title={{Concise Binary Object Representation (CBOR)}},
	pagetotal=54,
	year=2013,
	month={Oct}
}

@misc{elm,
    title={The Elm Architecture},
    url={https://guide.elm-lang.org/architecture/},
	note = {[Abgerufen am 05. Juni 2022]},
    journal={The Elm Architecture},
    author={Czaplicki, Evan}
}
